@phdthesis{ISHII:2019aa,
  author = {Hiromi Ishii},
  school = {University of Tsukuba},
  title = {Bidirectional Interplay between Mathematics and Computer Science: Safety and Extensibility in Computer Algebra and Haskell},
  year = {2019},
  doi={10.15068/00156548},
  }

@inproceedings{ISHII:2018ek,
	author = {Hiromi Ishii},
	booktitle = {Computer Algebra in Scientific Computing},
	date-added = {2018-10-01 18:10:56 +0900},
	date-modified = {2018-10-01 19:15:55 +0900},
	doi = {10.1007/978-3-319-99639-4_20},
	editor = {Vladimir P. Gerdt and Wolfram Koepf and Werner M. Seiler},
	eprint = {1807.01456},
	eprinttype = {arXiv},
	isbn = {978-3-319-99638-7},
	pages = {288-303},
	publisher = {Springer, Cham},
	series = {Lecture Notes in Computer Science},
	title = {A Purely Functional Computer Algebra System Embedded in {H}askell},
	venue = {Lille, France},
	volume = {11077},
	year = {2018},
	bdsk-url-1 = {https://doi.org/10.1007/978-3-319-99639-4_20}}

@inproceedings{Ishii:2021tp,
	author = {Hiromi Ishii},
	booktitle = {Computer Algebra in Scientific Computing},
	date-added = {2022-02-17 15:44:13 +0900},
	date-modified = {2022-02-17 15:46:38 +0900},
	doi = {10.1007/978-3-030-85165-1_11},
	editor = {Fran{\c c}ois Boulier and Matthew England and Timur M. Sadykov and Evgenii V. Vorozhtsov},
	eprint = {2106.14153},
	eprinttype = {arXiv},
	isbn = {978-3-030-85164-4},
	pages = {174-191},
	publisher = {Springer, Cham},
	series = {Lecture Notes in Computer Science},
	title = {Automatic Differentiation With Higher Infinitesimals, or Computational Smooth Infinitesimal Analysis in Weil Algebra},
	venue = {Sochi, Russia},
	volume = {11077},
	year = {2021},
	bdsk-url-1 = {https://doi.org/10.1007/978-3-319-99639-4_20}}

@mastersthesis{ISHII:2016sf,
	author = {Hiromi Ishii},
	date-added = {2016-01-26 12:48:36 +0000},
	date-modified = {2018-06-01 14:17:18 +0000},
	institution = {Tsukuba University},
  url={http://hdl.handle.net/2241/00135591},
	school = {Graduate School of Pure and Applied Sciencies},
	title = {On Regularity Properties of Set of Reals and Inaccessible Cardinals},
	year = {2016}}


@inproceedings{Kiselyov:2015xy,
	acmid = {2804319},
	address = {New York, NY, USA},
	author = {Kiselyov, Oleg and Ishii, Hiromi},
	booktitle = {Proceedings of the 2015 ACM SIGPLAN Symposium on Haskell},
	date-added = {2016-04-12 10:50:49 +0000},
	date-modified = {2018-10-01 18:18:36 +0900},
	doi = {10.1145/2804302.2804319},
	isbn = {978-1-4503-3808-0},
	keywords = {Kan extension, coroutine, effect handler, effect interaction, free monad, open union, type and effect system},
	location = {Vancouver, BC, Canada},
	numpages = {12},
	pages = {94--105},
	publisher = {ACM},
	series = {Haskell '15},
	title = {Freer Monads, More Extensible Effects},
	year = {2015},
	bdsk-url-1 = {http://doi.acm.org/10.1145/2804302.2804319},
	bdsk-url-2 = {http://dx.doi.org/10.1145/2804302.2804319}}

@online {ISHII:2019hd,
  author = {Hiromi Ishii},
  title = {Pragmatic {H}askell in Large-Scale Numerical Computation},
  year = {2019},
  url = {https://speakerdeck.com/konn/da-gui-mo-shu-zhi-ji-suan-wozhi-eru-haskell-nil-nil-pragmatic-haskell-in-large-scale-numerical-computation-nil-nil},
  note = {Talk at {H}askell {D}ay 2019, Tokyo, Japan.},
}

@online {ISHII:2019hd-ja,
  author = {Hiromi Ishii},
  title = {大規模数値計算を支える{H}askell──{P}ragmatic {H}askell in Large-Scale Numerical Computation},
  year = {2019},
  url = {https://speakerdeck.com/konn/da-gui-mo-shu-zhi-ji-suan-wozhi-eru-haskell-nil-nil-pragmatic-haskell-in-large-scale-numerical-computation-nil-nil},
  note = {Talk at {H}askell {D}ay 2019, Tokyo, Japan.},
}

@online {ISHII:2024ws,
  author = {Hiromi Ishii},
  title = {Serverless {H}askell with {GHC} {WASM} {JSFFI} + {C}loudflare {W}orkers},
  year = {2024},
  url = {https://discourse.haskell.org/t/serverless-haskell-with-ghc-wasm-jsffi-cloudflare-workers},
}

@online {ISHII:2021wt,
  author = {Hiromi Ishii},
  title = {{F}unctional {P}earl: {W}itness {M}e -- Constructive Arguments Must Be Guided with Concrete Witness},
  year = {2021},
  url = {https://arxiv.org/abs/2103.11751},
  note = {preprint},
  doi={10.48550/arXiv.2103.11751}
}

@online {ISHII:2023gd,
  author = {konn},
  title = {{G}uardianで巨大{H}askellレポジトリの依存関係を正気に保つ},
  year = {2021},
  url = {https://zenn.dev/deepflow_tech/articles/secure-haskell-monorepo-deps-with-guardian},
}

@online {ghc-typelits-presburger,
  author = {konn},
  title = {ghc-typelits-presburger: {P}resburger {A}rithmetic Solver for {GHC} Type-level natural numbers},
  year = {2015-2024},
  url = {https://hackage.haskell.org/package/ghc-typelits-presburger},
}
@online {type-natural,
  author = {konn},
  title = {type-natural: Type-level natural and proofs of their properties},
  year = {2013-2024},
  url = {https://hackage.haskell.org/package/type-natural},
}
@online {sized,
  author = {konn},
  title = {sized: Sized sequence data-types},
  year = {2014-2024},
  url = {https://hackage.haskell.org/package/sized},
}
@online {ISHII:2024cf,
  author = {konn},
  title = {{S}erverless {H}askell - {GHC}の{WASM}バックエンドで {H}askell を {C}loudflare {W}orkers に載せる},
  year = {2021},
  url = {https://zenn.dev/konn/articles/2024-06-22-serverless-haskell},
}
@online {ISHII:2023lh1,
  author = {konn},
  title = {{H}askellは{R}ust になれるのか？──2023年の{L}inear {H}askell体験記},
  year = {2023},
  url = {https://zenn.dev/konn/articles/2023-10-01-linear-haskell-in-2023},
}
@online {ISHII:2023lh2,
  author = {konn},
  title = {2023年の{L}inear {H}askellで純粋・並列{FFT}を実装する──「{H}askellは{R}ustになれるのか？」補遺},
  year = {2023},
  url = {https://zenn.dev/konn/articles/2023-12-14-pure-parallel-fft-in-linear-haskell},
}
